<?xml version="1.0" encoding="UTF-8"?><collection xmlns="http://www.loc.gov/MARC21/slim"><record><leader>00408nam--2200145-i-4500</leader><controlfield tag="001">000036797</controlfield><controlfield tag="002">20161230</controlfield><controlfield tag="005">20161230201041</controlfield><controlfield tag="008">060222s1000------------r-----000-0-eng-d</controlfield><datafield ind1=" " ind2=" " tag="080"><subfield code="a">620.179.15:669.018:621.701.75</subfield></datafield><datafield ind1=" " ind2=" " tag="100"><subfield code="a">Popa,Vasile</subfield></datafield><datafield ind1=" " ind2=" " tag="245"><subfield code="a">Radiodiagnosticul otelurilor sudte cu arc electric</subfield></datafield><datafield ind1=" " ind2=" " tag="260"><subfield code="a">Bucuresti, Ed.Tehnica, 1983. 216p</subfield></datafield><datafield ind1=" " ind2=" " tag="490"><subfield code="a">Seria Fizica Moderna Aplicata</subfield></datafield><datafield ind1=" " ind2=" " tag="852"><subfield code="a">71490</subfield></datafield></record></collection>